%YAML 1.1
%TAG !u! tag:unity3d.com,2011:
--- !u!1001 &100100000
Prefab:
  m_ObjectHideFlags: 1
  serializedVersion: 2
  m_Modification:
    m_TransformParent: {fileID: 0}
    m_Modifications: []
    m_RemovedComponents: []
  m_SourcePrefab: {fileID: 0}
  m_RootGameObject: {fileID: 1356994441297756}
  m_IsPrefabAsset: 1
--- !u!1 &1356994441297756
GameObject:
  m_ObjectHideFlags: 0
  m_CorrespondingSourceObject: {fileID: 0}
  m_PrefabInternal: {fileID: 100100000}
  serializedVersion: 6
  m_Component:
  - component: {fileID: 4002892038744414}
  - component: {fileID: 33193103403034178}
  - component: {fileID: 135891048185600456}
  - component: {fileID: 23821297190570712}
  - component: {fileID: 54899524973433756}
  - component: {fileID: 114784568819667588}
  - component: {fileID: 114243064731003520}
  - component: {fileID: 114556078583594986}
  - component: {fileID: 114911045584641702}
  - component: {fileID: 114458295487159768}
  m_Layer: 9
  m_Name: GooPrefab MAR
  m_TagString: Goo
  m_Icon: {fileID: 0}
  m_NavMeshLayer: 0
  m_StaticEditorFlags: 4294967295
  m_IsActive: 1
--- !u!4 &4002892038744414
Transform:
  m_ObjectHideFlags: 1
  m_CorrespondingSourceObject: {fileID: 0}
  m_PrefabInternal: {fileID: 100100000}
  m_GameObject: {fileID: 1356994441297756}
  m_LocalRotation: {x: 0, y: 0, z: 0, w: 1}
  m_LocalPosition: {x: 0, y: 0, z: 0}
  m_LocalScale: {x: 1, y: 1, z: 1}
  m_Children: []
  m_Father: {fileID: 0}
  m_RootOrder: 0
  m_LocalEulerAnglesHint: {x: 0, y: 0, z: 0}
--- !u!23 &23821297190570712
MeshRenderer:
  m_ObjectHideFlags: 1
  m_CorrespondingSourceObject: {fileID: 0}
  m_PrefabInternal: {fileID: 100100000}
  m_GameObject: {fileID: 1356994441297756}
  m_Enabled: 1
  m_CastShadows: 1
  m_ReceiveShadows: 1
  m_DynamicOccludee: 0
  m_MotionVectors: 1
  m_LightProbeUsage: 1
  m_ReflectionProbeUsage: 1
  m_RenderingLayerMask: 4294967295
  m_Materials:
  - {fileID: 2100000, guid: 92e62905f12d78a46b1ce8fcbdb616f1, type: 2}
  m_StaticBatchInfo:
    firstSubMesh: 0
    subMeshCount: 0
  m_StaticBatchRoot: {fileID: 0}
  m_ProbeAnchor: {fileID: 0}
  m_LightProbeVolumeOverride: {fileID: 0}
  m_ScaleInLightmap: 1
  m_PreserveUVs: 0
  m_IgnoreNormalsForChartDetection: 0
  m_ImportantGI: 0
  m_StitchLightmapSeams: 0
  m_SelectedEditorRenderState: 3
  m_MinimumChartSize: 4
  m_AutoUVMaxDistance: 0.5
  m_AutoUVMaxAngle: 89
  m_LightmapParameters: {fileID: 0}
  m_SortingLayerID: 0
  m_SortingLayer: 0
  m_SortingOrder: 0
--- !u!33 &33193103403034178
MeshFilter:
  m_ObjectHideFlags: 1
  m_CorrespondingSourceObject: {fileID: 0}
  m_PrefabInternal: {fileID: 100100000}
  m_GameObject: {fileID: 1356994441297756}
  m_Mesh: {fileID: 4300000, guid: d52b5a7b588377e45913dfb13e1dab50, type: 3}
--- !u!54 &54899524973433756
Rigidbody:
  m_ObjectHideFlags: 1
  m_CorrespondingSourceObject: {fileID: 0}
  m_PrefabInternal: {fileID: 100100000}
  m_GameObject: {fileID: 1356994441297756}
  serializedVersion: 2
  m_Mass: 0.5
  m_Drag: 0.25
  m_AngularDrag: 0.25
  m_UseGravity: 1
  m_IsKinematic: 0
  m_Interpolate: 1
  m_Constraints: 112
  m_CollisionDetection: 1
--- !u!114 &114243064731003520
MonoBehaviour:
  m_ObjectHideFlags: 1
  m_CorrespondingSourceObject: {fileID: 0}
  m_PrefabInternal: {fileID: 100100000}
  m_GameObject: {fileID: 1356994441297756}
  m_Enabled: 1
  m_EditorHideFlags: 0
  m_Script: {fileID: 11500000, guid: c226bd1521bee114c8a07820f328e48b, type: 3}
  m_Name: 
  m_EditorClassIdentifier: 
  dynamicFriction: 0.5
  bounciness: 0
  springForce: 50
  breakForce: 150
--- !u!114 &114458295487159768
MonoBehaviour:
  m_ObjectHideFlags: 1
  m_CorrespondingSourceObject: {fileID: 0}
  m_PrefabInternal: {fileID: 100100000}
  m_GameObject: {fileID: 1356994441297756}
  m_Enabled: 1
  m_EditorHideFlags: 0
  m_Script: {fileID: 11500000, guid: 297d7cc723eddf64d969efc2b1f4184b, type: 3}
  m_Name: 
  m_EditorClassIdentifier: 
  explosionForce: 100
--- !u!114 &114556078583594986
MonoBehaviour:
  m_ObjectHideFlags: 1
  m_CorrespondingSourceObject: {fileID: 0}
  m_PrefabInternal: {fileID: 100100000}
  m_GameObject: {fileID: 1356994441297756}
  m_Enabled: 1
  m_EditorHideFlags: 0
  m_Script: {fileID: 11500000, guid: 01a37510845ee0542b87315a7a4e9abb, type: 3}
  m_Name: 
  m_EditorClassIdentifier: 
  startScale: 0.25
  endScale: 2
  lerpDuration: 0.25
  random: 1
--- !u!114 &114784568819667588
MonoBehaviour:
  m_ObjectHideFlags: 1
  m_CorrespondingSourceObject: {fileID: 0}
  m_PrefabInternal: {fileID: 100100000}
  m_GameObject: {fileID: 1356994441297756}
  m_Enabled: 1
  m_EditorHideFlags: 0
  m_Script: {fileID: 11500000, guid: 1a4a22de6f3a6ff42afe7b37a7c5ac47, type: 3}
  m_Name: 
  m_EditorClassIdentifier: 
  GoICollidedWith: {fileID: 0}
  GosCollidedWithMe: []
--- !u!114 &114911045584641702
MonoBehaviour:
  m_ObjectHideFlags: 1
  m_CorrespondingSourceObject: {fileID: 0}
  m_PrefabInternal: {fileID: 100100000}
  m_GameObject: {fileID: 1356994441297756}
  m_Enabled: 1
  m_EditorHideFlags: 0
  m_Script: {fileID: 11500000, guid: e6e74c16f08bce2448a40b57fe2299ec, type: 3}
  m_Name: 
  m_EditorClassIdentifier: 
  startMaterial: {fileID: 2100000, guid: 4ceeb4ffaf022a246997b2a796a55df6, type: 2}
  endMaterial: {fileID: 2100000, guid: 4ceeb4ffaf022a246997b2a796a55df6, type: 2}
  lerpDuration: 0.5
  MaterialList:
  - {fileID: 2100000, guid: c19a2bb7a1e5e4c48b2ab1b92d8c71bb, type: 2}
  - {fileID: 2100000, guid: bda895eeb2114f549b823e6086b36b9d, type: 2}
  - {fileID: 2100000, guid: 57759cf99cde91846a4b9cefd15ff127, type: 2}
  - {fileID: 2100000, guid: eefda16a10a91804a934f2a9fc32f2f7, type: 2}
  - {fileID: 2100000, guid: a8fb97fee324ad047bd986756bf0fb71, type: 2}
  - {fileID: 2100000, guid: 38e17d8a87ab69040b92d8c8402c8244, type: 2}
  randomMaterial: 0
  onInstantiate: {fileID: 198974092672119682, guid: afa5d2463d41c4c45ad0ef0223ad8569,
    type: 2}
--- !u!135 &135891048185600456
SphereCollider:
  m_ObjectHideFlags: 1
  m_CorrespondingSourceObject: {fileID: 0}
  m_PrefabInternal: {fileID: 100100000}
  m_GameObject: {fileID: 1356994441297756}
  m_Material: {fileID: 13400000, guid: 38392558ae1646e4ea1d01d843d5320d, type: 2}
  m_IsTrigger: 0
  m_Enabled: 1
  serializedVersion: 2
  m_Radius: 0.3
  m_Center: {x: 0, y: 0, z: 0}
