%YAML 1.1
%TAG !u! tag:unity3d.com,2011:
--- !u!114 &11400000
MonoBehaviour:
  m_ObjectHideFlags: 0
  m_CorrespondingSourceObject: {fileID: 0}
  m_PrefabInstance: {fileID: 0}
  m_PrefabAsset: {fileID: 0}
  m_GameObject: {fileID: 0}
  m_Enabled: 1
  m_EditorHideFlags: 0
  m_Script: {fileID: 11500000, guid: d7fd9488000d3734a9e00ee676215985, type: 3}
  m_Name: Scene Settings Profile
  m_EditorClassIdentifier: 
  components:
  - {fileID: 114456404062845826}
  - {fileID: 114161652459507316}
  - {fileID: 114155198921213054}
  - {fileID: 114484359831258138}
  - {fileID: 114022876043760446}
  - {fileID: 114326612305629732}
  - {fileID: 114052715771452670}
  - {fileID: 114729307229769448}
  - {fileID: 114447104038874702}
  - {fileID: 114652057273767020}
--- !u!114 &114022876043760446
MonoBehaviour:
  m_ObjectHideFlags: 3
  m_CorrespondingSourceObject: {fileID: 0}
  m_PrefabInstance: {fileID: 0}
  m_PrefabAsset: {fileID: 0}
  m_GameObject: {fileID: 0}
  m_Enabled: 1
  m_EditorHideFlags: 0
  m_Script: {fileID: 11500000, guid: 56b145d2b9ee1ac4f846968484e7485a, type: 3}
  m_Name: ContactShadows
  m_EditorClassIdentifier: 
  active: 0
  enable:
    m_OverrideState: 1
    m_Value: 0
  length:
    m_OverrideState: 1
    m_Value: 1
    min: 0
    max: 1
  opacity:
    m_OverrideState: 1
    m_Value: 1
    min: 0
    max: 1
  distanceScaleFactor:
    m_OverrideState: 1
    m_Value: 0.452
    min: 0
    max: 1
  maxDistance:
    m_OverrideState: 1
    m_Value: 331.2
    min: 0
  fadeDistance:
    m_OverrideState: 1
    m_Value: 62.8
    min: 0
  sampleCount:
    m_OverrideState: 0
    m_Value: 8
    min: 4
    max: 64
--- !u!114 &114052715771452670
MonoBehaviour:
  m_ObjectHideFlags: 3
  m_CorrespondingSourceObject: {fileID: 0}
  m_PrefabInstance: {fileID: 0}
  m_PrefabAsset: {fileID: 0}
  m_GameObject: {fileID: 0}
  m_Enabled: 1
  m_EditorHideFlags: 0
  m_Script: {fileID: 11500000, guid: a81bcacc415a1f743bfdf703afc52027, type: 3}
  m_Name: GradientSky
  m_EditorClassIdentifier: 
  active: 1
  rotation:
    m_OverrideState: 0
    m_Value: 0
    min: 0
    max: 360
  skyIntensityMode:
    m_OverrideState: 0
    m_Value: 0
  exposure:
    m_OverrideState: 0
    m_Value: 0
  multiplier:
    m_OverrideState: 0
    m_Value: 1
    min: 0
  upperHemisphereLuxValue:
    m_OverrideState: 0
    m_Value: 1
    min: 0
  desiredLuxValue:
    m_OverrideState: 0
    m_Value: 20000
  updateMode:
    m_OverrideState: 1
    m_Value: 0
  updatePeriod:
    m_OverrideState: 0
    m_Value: 0
    min: 0
  includeSunInBaking:
    m_OverrideState: 0
    m_Value: 0
  top:
    m_OverrideState: 1
    m_Value: {r: 0.7454045, g: 0.34191445, b: 0.37626222, a: 1}
    hdr: 1
    showAlpha: 0
    showEyeDropper: 1
  middle:
    m_OverrideState: 1
    m_Value: {r: 0.7454045, g: 0.34191445, b: 0.37626222, a: 1}
    hdr: 1
    showAlpha: 0
    showEyeDropper: 1
  bottom:
    m_OverrideState: 1
    m_Value: {r: 0.7490196, g: 0.34117648, b: 0.3764706, a: 1}
    hdr: 1
    showAlpha: 0
    showEyeDropper: 1
  gradientDiffusion:
    m_OverrideState: 1
    m_Value: 1
--- !u!114 &114155198921213054
MonoBehaviour:
  m_ObjectHideFlags: 0
  m_CorrespondingSourceObject: {fileID: 0}
  m_PrefabInstance: {fileID: 0}
  m_PrefabAsset: {fileID: 0}
  m_GameObject: {fileID: 0}
  m_Enabled: 1
  m_EditorHideFlags: 0
  m_Script: {fileID: 11500000, guid: 3df29e7cc05fbec4aa43e06ea875565d, type: 3}
  m_Name: 
  m_EditorClassIdentifier: 
  active: 1
  rotation:
    m_OverrideState: 1
    m_Value: 0
    min: 0
    max: 360
  skyIntensityMode:
    m_OverrideState: 1
    m_Value: 0
  exposure:
    m_OverrideState: 1
    m_Value: 0
  multiplier:
    m_OverrideState: 1
    m_Value: 1
    min: 0
  upperHemisphereLuxValue:
    m_OverrideState: 1
    m_Value: 1
    min: 0
  desiredLuxValue:
    m_OverrideState: 1
    m_Value: 20000
  updateMode:
    m_OverrideState: 1
    m_Value: 0
  updatePeriod:
    m_OverrideState: 1
    m_Value: 0
    min: 0
  includeSunInBaking:
    m_OverrideState: 1
    m_Value: 1
  sunSize:
    m_OverrideState: 1
    m_Value: 0.153
    min: 0
    max: 1
  sunSizeConvergence:
    m_OverrideState: 1
    m_Value: 5
    min: 1
    max: 10
  atmosphereThickness:
    m_OverrideState: 1
    m_Value: 1
    min: 0
    max: 5
  skyTint:
    m_OverrideState: 1
    m_Value: {r: 1, g: 0.43164754, b: 0, a: 1}
    hdr: 0
    showAlpha: 1
    showEyeDropper: 1
  groundColor:
    m_OverrideState: 1
    m_Value: {r: 0.6226415, g: 0.6226415, b: 0.6226415, a: 1}
    hdr: 0
    showAlpha: 1
    showEyeDropper: 1
  enableSunDisk:
    m_OverrideState: 1
    m_Value: 1
--- !u!114 &114161652459507316
MonoBehaviour:
  m_ObjectHideFlags: 0
  m_CorrespondingSourceObject: {fileID: 0}
  m_PrefabInstance: {fileID: 0}
  m_PrefabAsset: {fileID: 0}
  m_GameObject: {fileID: 0}
  m_Enabled: 1
  m_EditorHideFlags: 0
  m_Script: {fileID: 11500000, guid: 0d7593b3a9277ac4696b20006c21dde2, type: 3}
  m_Name: 
  m_EditorClassIdentifier: 
  active: 1
  skyType:
    m_OverrideState: 1
    m_Value: 3
  fogType:
    m_OverrideState: 1
    m_Value: 2
--- !u!114 &114326612305629732
MonoBehaviour:
  m_ObjectHideFlags: 3
  m_CorrespondingSourceObject: {fileID: 0}
  m_PrefabInstance: {fileID: 0}
  m_PrefabAsset: {fileID: 0}
  m_GameObject: {fileID: 0}
  m_Enabled: 1
  m_EditorHideFlags: 0
  m_Script: {fileID: 11500000, guid: 32b6af8f7ad32324cb6941c3290e5895, type: 3}
  m_Name: MicroShadowing
  m_EditorClassIdentifier: 
  active: 0
  enable:
    m_OverrideState: 1
    m_Value: 1
  opacity:
    m_OverrideState: 1
    m_Value: 1
    min: 0
    max: 1
--- !u!114 &114447104038874702
MonoBehaviour:
  m_ObjectHideFlags: 3
  m_CorrespondingSourceObject: {fileID: 0}
  m_PrefabInstance: {fileID: 0}
  m_PrefabAsset: {fileID: 0}
  m_GameObject: {fileID: 0}
  m_Enabled: 1
  m_EditorHideFlags: 0
  m_Script: {fileID: 11500000, guid: 5e17fad69ea181b4483974138b566975, type: 3}
  m_Name: ScreenSpaceRefraction
  m_EditorClassIdentifier: 
  active: 1
  screenFadeDistance:
    m_OverrideState: 1
    m_Value: 1
    min: 0.001
    max: 1
--- !u!114 &114456404062845826
MonoBehaviour:
  m_ObjectHideFlags: 0
  m_CorrespondingSourceObject: {fileID: 0}
  m_PrefabInstance: {fileID: 0}
  m_PrefabAsset: {fileID: 0}
  m_GameObject: {fileID: 0}
  m_Enabled: 1
  m_EditorHideFlags: 0
  m_Script: {fileID: 11500000, guid: 7ddcec8a8eb2d684d833ac8f5d26aebd, type: 3}
  m_Name: 
  m_EditorClassIdentifier: 
  active: 1
  maxShadowDistance:
    m_OverrideState: 1
    m_Value: 2000
    min: 0
  cascadeShadowSplitCount:
    m_OverrideState: 1
    m_Value: 4
    min: 1
    max: 4
  cascadeShadowSplit0:
    m_OverrideState: 1
    m_Value: 0.05
    min: 0
    max: 1
  cascadeShadowSplit1:
    m_OverrideState: 1
    m_Value: 0.15
    min: 0
    max: 1
  cascadeShadowSplit2:
    m_OverrideState: 1
    m_Value: 0.3
    min: 0
    max: 1
  cascadeShadowBorder0:
    m_OverrideState: 1
    m_Value: 0
    min: 0
  cascadeShadowBorder1:
    m_OverrideState: 1
    m_Value: 0
    min: 0
  cascadeShadowBorder2:
    m_OverrideState: 1
    m_Value: 0
    min: 0
  cascadeShadowBorder3:
    m_OverrideState: 1
    m_Value: 0
    min: 0
--- !u!114 &114484359831258138
MonoBehaviour:
  m_ObjectHideFlags: 0
  m_CorrespondingSourceObject: {fileID: 0}
  m_PrefabInstance: {fileID: 0}
  m_PrefabAsset: {fileID: 0}
  m_GameObject: {fileID: 0}
  m_Enabled: 1
  m_EditorHideFlags: 0
  m_Script: {fileID: 11500000, guid: 2150ee00179b2f4418ea8b21a7e98eea, type: 3}
  m_Name: 
  m_EditorClassIdentifier: 
  active: 0
  colorMode:
    m_OverrideState: 1
    m_Value: 1
  color:
    m_OverrideState: 1
    m_Value: {r: 0.5, g: 0.5, b: 0.5, a: 1}
    hdr: 1
    showAlpha: 0
    showEyeDropper: 1
  density:
    m_OverrideState: 1
    m_Value: 0
    min: 0
    max: 1
  maxFogDistance:
    m_OverrideState: 0
    m_Value: 5000
    min: 0
  mipFogMaxMip:
    m_OverrideState: 1
    m_Value: 0.5
    min: 0
    max: 1
  mipFogNear:
    m_OverrideState: 1
    m_Value: 0
    min: 0
  mipFogFar:
    m_OverrideState: 1
    m_Value: 1000
    min: 0
  fogDistance:
    m_OverrideState: 1
    m_Value: 200
    min: 0
  fogBaseHeight:
    m_OverrideState: 1
    m_Value: 0
  fogHeightAttenuation:
    m_OverrideState: 1
    m_Value: 0.2
    min: 0
    max: 1
--- !u!114 &114652057273767020
MonoBehaviour:
  m_ObjectHideFlags: 3
  m_CorrespondingSourceObject: {fileID: 0}
  m_PrefabInstance: {fileID: 0}
  m_PrefabAsset: {fileID: 0}
  m_GameObject: {fileID: 0}
  m_Enabled: 1
  m_EditorHideFlags: 0
  m_Script: {fileID: 11500000, guid: 59b6606ef2548734bb6d11b9d160bc7e, type: 3}
  m_Name: HDRISky
  m_EditorClassIdentifier: 
  active: 1
  rotation:
    m_OverrideState: 1
    m_Value: 241
    min: 0
    max: 360
  skyIntensityMode:
    m_OverrideState: 1
    m_Value: 0
  exposure:
    m_OverrideState: 1
    m_Value: 0
  multiplier:
    m_OverrideState: 1
    m_Value: 1
    min: 0
  upperHemisphereLuxValue:
    m_OverrideState: 1
    m_Value: 0.85646313
    min: 0
  desiredLuxValue:
    m_OverrideState: 1
    m_Value: 20000
  updateMode:
    m_OverrideState: 1
    m_Value: 0
  updatePeriod:
    m_OverrideState: 1
    m_Value: 0
    min: 0
  includeSunInBaking:
    m_OverrideState: 1
    m_Value: 0
  hdriSky:
    m_OverrideState: 1
    m_Value: {fileID: 8900000, guid: 8375f6ca5a99b9e45a06f06959cfe0cb, type: 3}
--- !u!114 &114729307229769448
MonoBehaviour:
  m_ObjectHideFlags: 3
  m_CorrespondingSourceObject: {fileID: 0}
  m_PrefabInstance: {fileID: 0}
  m_PrefabAsset: {fileID: 0}
  m_GameObject: {fileID: 0}
  m_Enabled: 1
  m_EditorHideFlags: 0
  m_Script: {fileID: 11500000, guid: 384c4d03a551c44448145f4093304119, type: 3}
  m_Name: ScreenSpaceReflection
  m_EditorClassIdentifier: 
  active: 1
  depthBufferThickness:
    m_OverrideState: 1
    m_Value: 1
    min: 0
    max: 1
  screenFadeDistance:
    m_OverrideState: 1
    m_Value: 1
    min: 0
    max: 1
  minSmoothness:
    m_OverrideState: 1
    m_Value: 0.89
    min: 0
    max: 1
  smoothnessFadeStart:
    m_OverrideState: 1
    m_Value: 1
    min: 0
    max: 1
  reflectSky:
    m_OverrideState: 1
    m_Value: 1
  rayMaxIterations:
    m_OverrideState: 1
    m_Value: 76
